<?xml version="1.0" encoding="UTF-8"?>
<collection xmlns:xsi="http://www.w3.org/2001/XMLSchema-instance" xsi:schemaLocation="http://www.loc.gov/MARC21/slim http://www.loc.gov/standards/marcxml/schema/MARC21slim.xsd" xmlns="http://www.loc.gov/MARC21/slim">
<record>
  <leader>00997cam a2200253Ii 4500</leader>
  <controlfield tag="001">5365946</controlfield>
  <controlfield tag="003">NNC</controlfield>
  <controlfield tag="005">20100113150227.0</controlfield>
  <controlfield tag="008">780711s1939    ua a          000 0 ara d</controlfield>
  <datafield tag="035" ind1=" " ind2=" ">
    <subfield code="a">(OCoLC)ocm04041535</subfield>
  </datafield>
  <datafield tag="035" ind1=" " ind2=" ">
    <subfield code="a">(NNC)5365946</subfield>
  </datafield>
  <datafield tag="040" ind1=" " ind2=" ">
    <subfield code="a">MST</subfield>
    <subfield code="c">MST</subfield>
    <subfield code="d">ZCU</subfield>
  </datafield>
  <datafield tag="099" ind1=" " ind2=" ">
    <subfield code="a">069E</subfield>
    <subfield code="a">CM v.22</subfield>
  </datafield>
  <datafield tag="100" ind1="1" ind2=" ">
    <subfield code="a">Rāzī, Abū Bakr Muḥammad ibn Zakarīyā,</subfield>
    <subfield code="d">865?-925?</subfield>
  </datafield>
  <datafield tag="245" ind1="1" ind2="0">
    <subfield code="a">Opera philosophica :</subfield>
    <subfield code="b">fragmentaque quæ supersunt /</subfield>
    <subfield code="c">Abi Bakr Mohammadi filii Zachariæ Raghensis (Razis) ; collegit et edidit Paulus Kraus.</subfield>
  </datafield>
  <datafield tag="260" ind1=" " ind2=" ">
    <subfield code="a">Cahiræ :</subfield>
    <subfield code="b">[s.n.],</subfield>
    <subfield code="c">1939.</subfield>
  </datafield>
  <datafield tag="300" ind1=" " ind2=" ">
    <subfield code="a">316 p. :</subfield>
    <subfield code="b">ill. ;</subfield>
    <subfield code="c">25 cm.</subfield>
  </datafield>
  <datafield tag="490" ind1="1" ind2=" ">
    <subfield code="a">Universitatis Fouadi I Literarum Facultatis Publicationum, Fasc. XXII</subfield>
  </datafield>
  <datafield tag="500" ind1=" " ind2=" ">
    <subfield code="a">Original title page and text in Arabic.</subfield>
  </datafield>
  <datafield tag="504" ind1=" " ind2=" ">
    <subfield code="a">Includes bibliographical references.</subfield>
  </datafield>
  <datafield tag="650" ind1=" " ind2="0">
    <subfield code="a">Islamic philosophy</subfield>
    <subfield code="x">Early works to 1300.</subfield>
  </datafield>
  <datafield tag="700" ind1="1" ind2=" ">
    <subfield code="a">Kraus, Paul,</subfield>
    <subfield code="d">1904-1944.</subfield>
  </datafield>
  <datafield tag="810" ind1="2" ind2=" ">
    <subfield code="a">Jāmiʻat al-Qāhirah.</subfield>
    <subfield code="b">Kullīyat al-Ādāb.</subfield>
    <subfield code="t">Publication ;</subfield>
    <subfield code="v">no. 22.</subfield>
  </datafield>
  <datafield tag="955" ind1=" " ind2=" ">
    <subfield code="b">0113977806</subfield>
    <subfield code="d">glx</subfield>
    <subfield code="e">069E CM v.22</subfield>
  </datafield>
</record>
</collection>